@online{dag-matrix,
	url  = "https://mathematica.stackexchange.com/a/613"
}
@online{dag-idea,
	url  = "https://math.stackexchange.com/a/1477392"
}

@online{Lenstra,
title = {COMPLEXITY RESULTS FOR SCHEDULING CHAINS ON A SINGLE MACHINE},
author = {Lenstra, J. K. and Rinnooy Kan, A. H. G.},
year = {1979},
institution = {Erasmus University Rotterdam},
type = {Econometric Institute Archives},
number = {272176},
keywords = {Agricultural and Food Policy; Research Methods/ Statistical Methods},
url = {https://EconPapers.repec.org/RePEc:ags:eureia:272176}
}


@article{Baev,
	author = {Baev, Ivan and Meleis, Waleed and Eichenberger, Alexandre},
	year = {2002},
	month = {05},
	pages = {34-51},
	title = {An Experimental Study of Algorithms for Weighted Completion Time Scheduling},
	volume = {33},
	journal = {Algorithmica},
	doi = {10.1007/s00453-001-0103-x}
}
@article{Zaidi,
	author = {Zaidi, Ichraf and Mrad, Mehdi and Ladhari, Talel},
	year = {2013},
	month = {04},
	pages = {1-4},
	title = {Genetic local search algorithm for minimizing the total completion time in single machine scheduling problem with release dates and precedence constraints},
	isbn = {978-1-4673-5812-5},
	journal = {2013 5th International Conference on Modeling, Simulation and Applied Optimization, ICMSAO 2013},
	doi = {10.1109/ICMSAO.2013.6552617}
}
